<record><leader>00000cas a22000007a 4500</leader><controlfield tag="001">16645257</controlfield><controlfield tag="008">870904d19261991maudr ne      0    0eng d</controlfield><datafield ind1=" " ind2=" " tag="010"><subfield code="a">sn 89062156 </subfield></datafield><datafield ind1=" " ind2=" " tag="040"><subfield code="a">BDR</subfield><subfield code="b">eng</subfield><subfield code="c">BDR</subfield><subfield code="d">MGN</subfield><subfield code="d">SMU</subfield><subfield code="d">OCLCQ</subfield><subfield code="d">OCLCF</subfield><subfield code="d">OCLCO</subfield></datafield><datafield ind1=" " ind2=" " tag="037"><subfield code="b">207 Pocasset St., Fall River, Mass. 02722</subfield></datafield><datafield ind1=" " ind2=" " tag="042"><subfield code="a">msc</subfield></datafield><datafield ind1=" " ind2=" " tag="043"><subfield code="a">n-us-ma</subfield></datafield><datafield ind1="0" ind2="0" tag="245"><subfield code="a">Fall River herald news.</subfield></datafield><datafield ind1="3" ind2="0" tag="246"><subfield code="a">Herald Fall River news</subfield></datafield><datafield ind1="1" ind2="3" tag="246"><subfield code="a">Herald news</subfield></datafield><datafield ind1="3" ind2="0" tag="246"><subfield code="a">Sunday herald news</subfield></datafield><datafield ind1=" " ind2=" " tag="260"><subfield code="a">Fall River, Mass. :</subfield><subfield code="b">Fall River Daily Herald Pub. Co.</subfield></datafield><datafield ind1=" " ind2=" " tag="300"><subfield code="a">v.</subfield></datafield><datafield ind1=" " ind2=" " tag="310"><subfield code="a">Daily,</subfield><subfield code="b">Mar. 3, 1985-1991</subfield></datafield><datafield ind1=" " ind2=" " tag="321"><subfield code="a">Daily (except Sun.),</subfield><subfield code="b">1926-Mar. 2, 1985</subfield></datafield><datafield ind1="0" ind2=" " tag="362"><subfield code="a">Vol. 54, no. 219 (Sept. 20, 1926)-v. 118, no. 101 (Apr. 27, 1991).</subfield></datafield><datafield ind1=" " ind2=" " tag="500"><subfield code="a">On Sundays published as: Sunday herald news.</subfield></datafield><datafield ind1=" " ind2=" " tag="515"><subfield code="a">Sunday issues have their own numbering.</subfield></datafield><datafield ind1=" " ind2="0" tag="651"><subfield code="a">Fall River (Mass.)</subfield><subfield code="v">Newspapers.</subfield></datafield><datafield ind1=" " ind2="7" tag="655"><subfield code="a">Newspapers.</subfield><subfield code="2">fast</subfield><subfield code="0">(OCoLC)fst01423814</subfield></datafield><datafield ind1=" " ind2="7" tag="651"><subfield code="a">Massachusetts</subfield><subfield code="z">Fall River.</subfield><subfield code="2">fast</subfield><subfield code="0">(OCoLC)fst01210319</subfield></datafield><datafield ind1=" " ind2=" " tag="752"><subfield code="a">United States</subfield><subfield code="b">Massachusetts</subfield><subfield code="c">Bristol</subfield><subfield code="d">Fall River.</subfield></datafield><datafield ind1="0" ind2="0" tag="780"><subfield code="t">Fall River herald, Fall River evening news</subfield><subfield code="w">(DLC)sn 92056996</subfield></datafield><datafield ind1="0" ind2="0" tag="785"><subfield code="t">Herald news (Fall River, Mass.)</subfield><subfield code="w">(DLC)sn 92057031</subfield></datafield></record>